../../main/resources/eu/simuline/qMngmnt/latex/glossary.bib