../../main/resources/eu/simuline/qMngmnt/latex/litPublic.bib